<?xml version="1.0" encoding="UTF-8"?><collection xmlns="http://www.loc.gov/MARC21/slim"><record><leader>00290nam--2200109-i-4500</leader><controlfield tag="001">000040324</controlfield><controlfield tag="002">20161230</controlfield><controlfield tag="005">20161230201042</controlfield><controlfield tag="008">060222s1000------------r-----000-0-eng-d</controlfield><datafield ind1=" " ind2=" " tag="245"><subfield code="a">Sarbatorirea centrului de cercetari nucleare in dimokritos</subfield></datafield><datafield ind1=" " ind2=" " tag="260"><subfield code="a">Ekdosis, Grecia, 1961. 31 P</subfield></datafield><datafield ind1=" " ind2=" " tag="852"><subfield code="a">18129</subfield></datafield></record></collection>